@Book{Knuth1986,
  author =       "Donald E. Knuth",
  title =        "The {\TeX}book",
  year =         "1986",
  series =       "Computers and Typesetting",
  ISBN =         "0-201-13447-0",
  LCCN =         "Z253.4.T47 K58 1986",
  pages =        "ix + 483",
  bibdate =      "Wed Dec 15 10:36:52 1993",
}

@Book{Lamport1985,
  author =       "Leslie Lamport",
  title =        "{\LaTeX} --- A Document Preparation System ---
                 User's Guide and Reference Manual",
  year =         "1985",
  ISBN =         "0-201-15790-X",
  LCCN =         "Z253.4.L38 L35 1986",
  pages =        "xiv + 242",
  bibdate =      "Wed Dec 15 10:38:04 1993",
}
@misc{github2023,
  author       = {GitHub},
  title        = {The State of Open Source and AI},
  year         = 2023,
  url          = {https://github.blog/2023-11-08-the-state-of-open-source-and-ai/},
  note         = {Accessed: 2024-07-10}
}